@Article{fernandes:2008,
	author = {Fernandes, Leandro A. F. and Oliveira, Manuel M.},
	title = {Real-time line detection through an improved {H}ough transform voting scheme},
	journal = {Pattern Recognition},
	year = {2008},
	volume = {41},
	number = {1},
	pages = {299--314},
	doi = {https://doi.org/10.1016/j.patcog.2007.04.003},
	url = {http://www.ic.uff.br/~laffernandes/projects/kht},
	}?@ARTICLE{Canny:1986,
  author={Canny, John},
  journal={IEEE Transactions on Pattern Analysis and Machine Intelligence}, 
  title={A Computational Approach to Edge Detection}, 
  year={1986},
  volume={PAMI-8},
  number={6},
  pages={679-698},
  doi={10.1109/TPAMI.1986.4767851}
  }
 @article{Pedregosa:2011,
  author  = {Fabian Pedregosa and Ga{{\"e}}l Varoquaux and Alexandre Gramfort and Vincent Michel and Bertrand Thirion and Olivier Grisel and Mathieu Blondel and Peter Prettenhofer and Ron Weiss and Vincent Dubourg and Jake Vanderplas and Alexandre Passos and David Cournapeau and Matthieu Brucher and Matthieu Perrot and {{\'E}}douard Duchesnay},
  title   = {Scikit-learn: Machine Learning in Python},
  journal = {Journal of Machine Learning Research},
  year    = {2011},
  volume  = {12},
  number  = {85},
  pages   = {2825-2830},
  url     = {http://jmlr.org/papers/v12/pedregosa11a.html}
}
@article{Hough:1962,
title = {METHOD AND MEANS FOR RECOGNIZING COMPLEX PATTERNS},
author = {Hough, P V.C.},
doi = {},
url = {https://www.osti.gov/biblio/4746348}, 
place = {United States},
year = {1962},
month = {12}
}
@article{Douda:1972, 
	author = {Duda, Richard O. and Hart, Peter E.},
	title = {Use of the Hough Transformation to Detect Lines and Curves in Pictures}, 
	year = {1972}, 
	issue_date = {Jan. 1972}, 
	publisher = {Association for Computing Machinery}, 
	address = {New York, NY, USA}, 
	volume = {15}, 
	number = {1}, 
	issn = {0001-0782}, 
	url = {https://doi.org/10.1145/361237.361242}, 
	doi = {10.1145/361237.361242}, 
	journal = {Commun. ACM}, 
	month = jan, 
	pages = {11?15}, 
	numpages = {5}, 
	keywords = {point-line transformation, curve detection, picture processing, colinear points, pattern recognition, Hough transformation, line detection} }
	
@article{dmtn80,
	author={Al Sayyad, Yusra},
	title={{DMTN-080: Coaddition Artifact Rejection and CompareWarp}},
	year = {2019},
	url = {dmtn-080.lsst.io}
	}
